@article{turk,
	author = "Turk, Matthew and Pentland Alex",
	title = "Eigenfaces for Recognition",
	journal = "Journal of Cognitive Neuroscience",
	year = "1991",
	volume = "3",
	number = "1",
	pages = "71--86"
}

@article{pearson,
	author = {{Prof. Karl Pearson (F.R.S., University College, London)}},
	title = "On Lines and Planes of Closest Fit to Systems of Points in Space",
	year = 1901,
	pages = "559--572",
	journal = "Philosophical Magazine"
}

@online{www:opencv,
	author = "Pearn, W.L. and Chou J.B.",
	title = "Face Recognition with OpenCV",
	year = 2016,
	url = "http://docs.opencv.org/2.4/modules/contrib/doc/facerec/facerec_tutorial.html",
}

@online{www:git-stats,
	author = "",
	title = "git-stats",
	url = "https://github.com/hoxu/gitstats/tree/master/doc",
%  year = 2005,
	urldate = "2016-06-12"
}
